<record><leader>00000cas a22000007a 4500</leader><controlfield tag="001">11787499</controlfield><controlfield tag="008">850309d18551867wiuwr ne      0    0eng d</controlfield><datafield ind1=" " ind2=" " tag="010"><subfield code="a">sn 85033236 </subfield></datafield><datafield ind1=" " ind2=" " tag="040"><subfield code="a">NPU</subfield><subfield code="b">eng</subfield><subfield code="c">NPU</subfield><subfield code="d">NPV</subfield><subfield code="d">OCLCQ</subfield></datafield><datafield ind1=" " ind2=" " tag="042"><subfield code="a">msc</subfield></datafield><datafield ind1=" " ind2=" " tag="045"><subfield code="a">w5w6</subfield></datafield><datafield ind1=" " ind2=" " tag="052"><subfield code="a">4123</subfield><subfield code="b">R5</subfield></datafield><datafield ind1="0" ind2="0" tag="245"><subfield code="a">Richland County observer.</subfield></datafield><datafield ind1=" " ind2=" " tag="260"><subfield code="a">Richland Center, Richland County, Wis. :</subfield><subfield code="b">I. Sanderson,</subfield><subfield code="c">1855-</subfield></datafield><datafield ind1=" " ind2=" " tag="300"><subfield code="a">v. ;</subfield><subfield code="c">60 cm.</subfield></datafield><datafield ind1=" " ind2=" " tag="310"><subfield code="a">Weekly</subfield></datafield><datafield ind1="0" ind2=" " tag="362"><subfield code="a">Vol. 1, no. 1 (Nov. 20, 1855)-</subfield></datafield><datafield ind1="1" ind2=" " tag="362"><subfield code="a">Ceased Aug. 8, 1867.</subfield><subfield code="z">Cf. Gregory, W. Amer. newspapers.</subfield></datafield><datafield ind1=" " ind2=" " tag="500"><subfield code="a">Publisher varies.</subfield></datafield><datafield ind1=" " ind2=" " tag="500"><subfield code="a">"An independent family newspaper, devoted to agriculture, literature, general and local intelligence, independent in politics."</subfield></datafield><datafield ind1=" " ind2=" " tag="500"><subfield code="a">"Official county paper."</subfield></datafield><datafield ind1=" " ind2=" " tag="500"><subfield code="a">Editors: I Sanderson, Nov. 20, 1855-July 13, 1858; J. Walworth, July 20, 1858-Nov. 12, 1863; G.L. Laws, S.O. Hyatt &amp; W.J. Waggoner, Nov. 19, 1863-&lt;April 28, 1864&gt;; W.J. &amp; J.H. Waggoner, &lt;May 26, 1864&gt;-July 20, 1865; J.H. Waggoner &amp; Co., July 27-Oct. 19, 1865; J. Walworth, Oct. 26, 1865-&lt;Oct. 18, 1866&gt;.</subfield></datafield><datafield ind1=" " ind2=" " tag="515"><subfield code="a">Adds whole numbering: Vol. 8, no. 50 (Nov. 19, 1863)-&lt;v. 9, no. 28 (June 16, 1864)&gt; = whole no. 414-&lt;444&gt;.</subfield></datafield><datafield ind1=" " ind2=" " tag="530"><subfield code="a">Available on microfilm from The State Historical Society of Wisconsin.</subfield></datafield><datafield ind1=" " ind2=" " tag="580"><subfield code="a">Merged with?: Live republican, to form: Richland County republican.</subfield></datafield><datafield ind1=" " ind2=" " tag="752"><subfield code="a">United States</subfield><subfield code="b">Wisconsin</subfield><subfield code="c">Richland</subfield><subfield code="d">Richland Center.</subfield></datafield><datafield ind1="1" ind2="7" tag="785"><subfield code="t">Live republican</subfield><subfield code="w">(DLC)sn 85041382</subfield></datafield><datafield ind1="1" ind2="7" tag="785"><subfield code="t">Richland County republican (Richland Center, Wis.)</subfield><subfield code="w">(DLC)sn 85033237</subfield></datafield><datafield ind1="1" ind2=" " tag="029"><subfield code="a">AU@</subfield><subfield code="b">000025835705</subfield></datafield></record>